<?xml version="1.0" encoding="UTF-8"?><collection xmlns="http://www.loc.gov/MARC21/slim"><record><leader>00333nam--2200121-i-4500</leader><controlfield tag="001">000001868</controlfield><controlfield tag="002">20161230</controlfield><controlfield tag="005">20161230201024</controlfield><controlfield tag="008">060222s1000------------r-----000-0-eng-d</controlfield><datafield ind1=" " ind2=" " tag="100"><subfield code="a">Freeman, P.J</subfield></datafield><datafield ind1=" " ind2=" " tag="245"><subfield code="a">Worked examples in alternating current for engineering students</subfield></datafield><datafield ind1=" " ind2=" " tag="260"><subfield code="a">London, Macdonald, 1964. Vii + 108 P</subfield></datafield><datafield ind1=" " ind2=" " tag="852"><subfield code="a">22748</subfield></datafield></record></collection>